<?xml version="1.0" encoding="UTF-8"?><collection xmlns="http://www.loc.gov/MARC21/slim"><record><leader>00429nam--2200169-i-4500</leader><controlfield tag="001">000035781</controlfield><controlfield tag="002">20161230</controlfield><controlfield tag="005">20161230201040</controlfield><controlfield tag="008">060222s1000------------r-----000-0-eng-d</controlfield><datafield ind1=" " ind2=" " tag="040"><subfield code="a">IFIN-HH</subfield></datafield><datafield ind1="1" ind2=" " tag="100"><subfield code="a">Lipson, S. G</subfield></datafield><datafield ind1="1" ind2="0" tag="245"><subfield code="a">Optical physics</subfield><subfield code="c">S.g. lipson, h. lipson</subfield></datafield><datafield ind1=" " ind2=" " tag="260"><subfield code="a">Cambridge</subfield><subfield code="b">The University Press</subfield><subfield code="c">1969</subfield></datafield><datafield ind1=" " ind2=" " tag="300"><subfield code="a">XIII+494P</subfield></datafield><datafield ind1="1" ind2=" " tag="700"><subfield code="a">Lipson, H</subfield></datafield><datafield ind1=" " ind2=" " tag="852"><subfield code="a">30390</subfield><subfield code="c">535</subfield></datafield><datafield ind1=" " ind2=" " tag="CAT"><subfield code="a">Sys</subfield><subfield code="c">20101026</subfield><subfield code="h">151848</subfield></datafield></record></collection>